@misc{ Qiskit-Textbook,
       author = {Abraham Asfaw and Luciano Bello and Yael Ben-Haim and Sergey Bravyi and Lauren Capelluto and Almudena Carrera Vazquez and Jack Ceroni and
       Jay Gambetta and Shelly Garion and Leron Gil and Salvador De La Puente Gonzalez and David McKay and Zlatko Minev and Paul Nation and Anna Phan
               and Arthur Rattew and Javad Shabani and John Smolin and Kristan Temme and Madeleine Tod and James Wootton.},
       title = {Learn Quantum Computation Using Qiskit},
       year = {2019},
       url = {http://community.qiskit.org/textbook},
}

@misc{Qiskit_2019,
  author       = {Gadi Aleksandrowicz and
                  Thomas Alexander and
                  Panagiotis Barkoutsos and
                  Luciano Bello and
                  Yael Ben-Haim and
                  David Bucher and
                  Francisco Jose Cabrera-Hernández and
                  Jorge Carballo-Franquis and
                  Adrian Chen and
                  Chun-Fu Chen and
                  Jerry M. Chow and
                  Antonio D. Córcoles-Gonzales and
                  Abigail J. Cross and
                  Andrew Cross and
                  Juan Cruz-Benito and
                  Chris Culver and
                  Salvador De La Puente González and
                  Enrique De La Torre and
                  Delton Ding and
                  Eugene Dumitrescu and
                  Ivan Duran and
                  Pieter Eendebak and
                  Mark Everitt and
                  Ismael Faro Sertage and
                  Albert Frisch and
                  Andreas Fuhrer and
                  Jay Gambetta and
                  Borja Godoy Gago and
                  Juan Gomez-Mosquera and
                  Donny Greenberg and
                  Ikko Hamamura and
                  Vojtech Havlicek and
                  Joe Hellmers and
                  Łukasz Herok and
                  Hiroshi Horii and
                  Shaohan Hu and
                  Takashi Imamichi and
                  Toshinari Itoko and
                  Ali Javadi-Abhari and
                  Naoki Kanazawa and
                  Anton Karazeev and
                  Kevin Krsulich and
                  Peng Liu and
                  Yang Luh and
                  Yunho Maeng and
                  Manoel Marques and
                  Francisco Jose Martín-Fernández and
                  Douglas T. McClure and
                  David McKay and
                  Srujan Meesala and
                  Antonio Mezzacapo and
                  Nikolaj Moll and
                  Diego Moreda Rodríguez and
                  Giacomo Nannicini and
                  Paul Nation and
                  Pauline Ollitrault and
                  Lee James O'Riordan and
                  Hanhee Paik and
                  Jesús Pérez and
                  Anna Phan and
                  Marco Pistoia and
                  Viktor Prutyanov and
                  Max Reuter and
                  Julia Rice and
                  Abdón Rodríguez Davila and
                  Raymond Harry Putra Rudy and
                  Mingi Ryu and
                  Ninad Sathaye and
                  Chris Schnabel and
                  Eddie Schoute and
                  Kanav Setia and
                  Yunong Shi and
                  Adenilton Silva and
                  Yukio Siraichi and
                  Seyon Sivarajah and
                  John A. Smolin and
                  Mathias Soeken and
                  Hitomi Takahashi and
                  Ivano Tavernelli and
                  Charles Taylor and
                  Pete Taylour and
                  Kenso Trabing and
                  Matthew Treinish and
                  Wes Turner and
                  Desiree Vogt-Lee and
                  Christophe Vuillot and
                  Jonathan A. Wildstrom and
                  Jessica Wilson and
                  Erick Winston and
                  Christopher Wood and
                  Stephen Wood and
                  Stefan Wörner and
                  Ismail Yunus Akhalwaya and
                  Christa Zoufal},
  title        = {{Qiskit: An Open-source Framework for Quantum 
                   Computing}},
  month        = jan,
  year         = 2019,
  publisher    = {Zenodo},
  version      = {0.7.2},
  doi          = {10.5281/zenodo.2562111},
  url          = {https://doi.org/10.5281/zenodo.2562111}
}

% De Wolf Lecture Notes
@article{deWolf2019quantum,
  title={Quantum computing: Lecture notes},
  author={De Wolf, Ronald},
  journal={arXiv preprint arXiv:1907.09415},
  year={2019}
}

@book{nielsen_chuang_2010, 
place={Cambridge}, 
title={Quantum Computation and Quantum Information: 10th Anniversary Edition}, 
DOI={10.1017/CBO9780511976667}, 
publisher={Cambridge University Press}, 
author={Nielsen, Michael A. and Chuang, Isaac L.}, 
year={2010}
}

@book{Benenti_1,
author = {Benenti, Giuliano and Casati, Giulio and Strini, Giuliano},
title = {Principles of Quantum Computation and Information},
publisher = {WORLD SCIENTIFIC},
year = {2004},
doi = {10.1142/5528},
address = {},
edition   = {},
URL = {https://www.worldscientific.com/doi/abs/10.1142/5528},
eprint = {https://www.worldscientific.com/doi/pdf/10.1142/5528}
}

@book{Aaronson:2013:QCD:2487754,
 author = {Aaronson, Scott},
 title = {Quantum Computing Since Democritus},
 year = {2013},
 isbn = {0521199565, 9780521199568},
 publisher = {Cambridge University Press},
 address = {New York, NY, USA},
} 

@article{BB84,
  doi = {10.1016/j.tcs.2014.05.025},
  url = {https://doi.org/10.1016/j.tcs.2014.05.025},
  year = {2014},
  month = dec,
  publisher = {Elsevier {BV}},
  volume = {560},
  pages = {7--11},
  author = {Charles H. Bennett and Gilles Brassard},
  title = {Quantum cryptography: Public key distribution and coin tossing},
  journal = {Theoretical Computer Science}
}

%Shor algorithm
@inproceedings{Shor,
  doi = {10.1109/sfcs.1994.365700},
  url = {https://doi.org/10.1109/sfcs.1994.365700},
  publisher = {{IEEE} Comput. Soc. Press},
  author = {P.W. Shor},
  year = {1994},
  title = {Algorithms for quantum computation: discrete logarithms and factoring},
  booktitle = {Proceedings 35th Annual Symposium on Foundations of Computer Science}
}

% Relative quantum entropy
@article{vedral2002role,
  title={The role of relative entropy in quantum information theory},
  author={Vedral, Vlatko},
  journal={Reviews of Modern Physics},
  volume={74},
  number={1},
  pages={197},
  year={2002},
  publisher={APS}
}

% Superconducting qubits
@article{krantz2019quantum,
  title={A quantum engineer's guide to superconducting qubits},
  author={Krantz, Philip and Kjaergaard, Morten and Yan, Fei and Orlando, Terry P and Gustavsson, Simon and Oliver, William D},
  journal={Applied Physics Reviews},
  volume={6},
  number={2},
  pages={021318},
  year={2019},
  publisher={AIP Publishing LLC}
}

% VQE Paper
@article{peruzzo2014VQE,
  title={A variational eigenvalue solver on a photonic quantum processor},
  author={Peruzzo, Alberto and McClean, Jarrod and Shadbolt, Peter and Yung, Man-Hong and Zhou, Xiao-Qi and Love, Peter J and Aspuru-Guzik, Al{\'a}n and O’brien, Jeremy L},
  journal={Nature communications},
  volume={5},
  pages={4213},
  year={2014},
  publisher={Nature Publishing Group}
}

% Review of VQE
@article{moll2018VQEReview,
  title={Quantum optimization using variational algorithms on near-term quantum devices},
  author={Moll, Nikolaj and Barkoutsos, Panagiotis and Bishop, Lev S and Chow, Jerry M and Cross, Andrew and Egger, Daniel J and Filipp, Stefan and Fuhrer, Andreas and Gambetta, Jay M and Ganzhorn, Marc and others},
  journal={Quantum Science and Technology},
  volume={3},
  number={3},
  pages={030503},
  year={2018},
  publisher={IOP Publishing}
}

% Barren plateaus VQE
@article{wang2020noise,
  title={Noise-induced barren plateaus in variational quantum algorithms},
  author={Wang, Samson and Fontana, Enrico and Cerezo, Marco and Sharma, Kunal and Sone, Akira and Cincio, Lukasz and Coles, Patrick J},
  journal={arXiv preprint arXiv:2007.14384},
  year={2020}
}

% Open Fermion
@article{mcclean2020openfermion,
  title={OpenFermion: the electronic structure package for quantum computers},
  author={McClean, Jarrod and Rubin, Nicholas and Sung, Kevin and Kivlichan, Ian David and Bonet-Monroig, Xavier and Cao, Yudong and Dai, Chengyu and Fried, Eric Schuyler and Gidney, Craig and Gimby, Brendan and others},
  journal={Quantum Science and Technology},
  year={2020},
  publisher={IOP Publishing}
}

% Bravyi-Kitaev mapping
@article{bravyi2002fermionic,
  title={Fermionic quantum computation},
  author={Bravyi, Sergey B and Kitaev, Alexei Yu},
  journal={Annals of Physics},
  volume={298},
  number={1},
  pages={210--226},
  year={2002},
  publisher={Elsevier}
}

% Tapering qubits
@article{bravyi2017tapering,
  title={Tapering off qubits to simulate fermionic Hamiltonians},
  author={Bravyi, Sergey and Gambetta, Jay M and Mezzacapo, Antonio and Temme, Kristan},
  journal={arXiv preprint arXiv:1701.08213},
  year={2017}
}

% Fermion-to-qubit mapping
@article{bauer2020quantum,
  title={Quantum algorithms for quantum chemistry and quantum materials science},
  author={Bauer, Bela and Bravyi, Sergey and Motta, Mario and Chan, Garnet Kin},
  journal={arXiv preprint arXiv:2001.03685},
  year={2020}
}

% VQE for optimization review
@article{moll2018quantum,
  title={Quantum optimization using variational algorithms on near-term quantum devices},
  author={Moll, Nikolaj and Barkoutsos, Panagiotis and Bishop, Lev S and Chow, Jerry M and Cross, Andrew and Egger, Daniel J and Filipp, Stefan and Fuhrer, Andreas and Gambetta, Jay M and Ganzhorn, Marc and others},
  journal={Quantum Science and Technology},
  volume={3},
  number={3},
  pages={030503},
  year={2018},
  publisher={IOP Publishing}
}

% Variational Quantum Thermalizer
@article{verdon2019VQT,
title={Quantum Hamiltonian-Based Models and the Variational Quantum Thermalizer Algorithm},
author={Guillaume Verdon and Jacob Marks and Sasha Nanda and Stefan Leichenauer and Jack Hidary},
year={2019},
eprint={1910.02071},
archivePrefix={arXiv},
primaryClass={quant-ph}
}